% 学位论文 : 第一章的参考文献
% 
% 更新记录:
%   {$LastChangedBy$}
%   {$LastChangedRevision$}
%   {$LastChangedDate$}

@ELECTRONIC{BUPT_Thesis_Format_2004,
  title = {关于研究生学位论文格式的统一要求},
  organization = {北京邮电大学研究生院培养与学位办公室},
  year = {2004},
  howpublished = {online},
  refdate = {2008-08-06},
  url = {http://www.bupt.edu.cn/},
  language = {Chinese}
} 

@ELECTRONIC{latex-bupt,
  author = {王旭},
  title = {latex-bupt: \LaTeX style for {BUPT} thesis},
  year = {2007},
  howpublished = {online},
  refdate = {2009-01-14},
  url = {http://code.google.com/p/latex-bupt/},
  language = {Chinese}
}

@ELECTRONIC{thuthesis,
  author = {薛瑞尼},
  title = {清华大学学位论文~\LaTeX~模板},
  year = {2006},
  howpublished = {online},
  refdate = {2009-01-14},
  url = {http://sourceforge.net/projects/thuthesis/},
  language = {Chinese}
}