% 博士学位论文 : 发表论文bib文件
% 
% 更新记录:
%   {$LastChangedBy$}
%   {$LastChangedRevision$}
%   {$LastChangedDate$}

% 这是为评审版本自动产生作者位次专用的 BibTeX 条目
% 不要更改条目名称 BSTcontrol
@BUPTThesisBSTCTL{BSTcontrol,
  CTLauthor_name_english = "{\textbf{Wang~Yifan}}",
  CTLauthor_name_chinese = "{\textbf{王一帆}}",
  CTLfor_peer_review = "yes"
}

% 如果学位论文作者在发表论文列表中的作者排名有超过 3 的, 其姓名将不会出现在论文列表中
% 设置下面的数值可以改变发表论文列表中作者姓名显示的最大数目
@BUPTThesisBSTCTL{BSTnoetal,  
  CTLmax_names_forced_etal = "10"
}

@ARTICLE{paper1,
  author = "{\textbf{Wang~Yifan}} and Qi, Wang and Zhigang, Jia",
  title = "Three-step growth of metamorphic GaAs on Si(001) by LP-MOCVD",
  journal = "Journal Vac. Sci. Technol.", 
  year = "2013",
  vol = "31",
  no = "5",
  pages = "567--890",
  month = sep # / # oct,
  note = "(051211-1), SCI"
}

@INPROCEEDINGS{paper2,
  author = "{\textbf{Wang~Yifan}} and Qi, Wang and Zhigang, Jia",
  title = "The effect of different buffer layers and superlattice intermediate layers on GaAs/Si",
  booktitle = {ACP Conference},
  year = {2013},
  pages = {123--456},
  address = {Beijing, China},
  month = sep # { 21--24,},
  note = {（EI~源刊）}
}

@INPROCEEDINGS{paper3,
  author = {Xiaoyi Li and Qi Wang and {\textbf{Yifan~Wang}}},
  title = {The Effect of InGaAs/GaAs Superlattices on GaAs Epilayer Grown on Si (100) Substrate},
  booktitle = {ACP Conference},
  year = {2013},
  pages = {123--456},
  address = {Beijing, China},
  month = sep # { 21--24,},
  note = {（EI~源刊）}
}

@ARTICLE{paper4,
  author = "Zhigang Jia and Qi Wang and Xiaomin Ren and Xiaolong Liu and {\textbf{Yifan~Wang}}",
  title = "Effects of the Boron Incorporation on the Strain and Photoluminescence properties of the GaAsSb/GaAs Quantum Wells",
  journal = "Mat.Sci. Semicon.Proc",
  year = "2013",
  vol = "31",
  no = "5",
  pages = "1713--1717",
  month = sep # / # oct,
  note = "(051211-1), SCI"
}

@PATENT{patent1,
  author = {{\textbf{王一帆}} and 李四},
  title = {一种进行时空旅行的装置},
  nationality = {中国},
  number = {1234567},
  year = {2046},
  yearfiled = {2046}
}
